<record><leader>00000cas a2200000 a 4500</leader><controlfield tag="001">14633520</controlfield><controlfield tag="008">861104d19861996ctuwr ne      0   a0eng d</controlfield><datafield ind1=" " ind2=" " tag="010"><subfield code="a">sn 87002189 </subfield></datafield><datafield ind1=" " ind2=" " tag="040"><subfield code="a">CZL</subfield><subfield code="b">eng</subfield><subfield code="c">CZL</subfield><subfield code="d">NSD</subfield><subfield code="d">CNW</subfield><subfield code="d">NSD</subfield><subfield code="d">OCLCQ</subfield><subfield code="d">OCLCF</subfield><subfield code="d">OCLCO</subfield></datafield><datafield ind1=" " ind2=" " tag="012"><subfield code="m">1</subfield></datafield><datafield ind1="1" ind2=" " tag="022"><subfield code="a">0891-9542</subfield><subfield code="l">0891-9542</subfield><subfield code="2">1</subfield></datafield><datafield ind1="1" ind2=" " tag="029"><subfield code="a">AU@</subfield><subfield code="b">000025824448</subfield></datafield><datafield ind1=" " ind2=" " tag="032"><subfield code="a">000404</subfield><subfield code="b">USPS</subfield></datafield><datafield ind1=" " ind2=" " tag="037"><subfield code="b">Simsbury News, Box 2, 20 Isham Rd., West Hartford, CT 06107</subfield></datafield><datafield ind1=" " ind2=" " tag="042"><subfield code="a">nsdp</subfield><subfield code="a">msc</subfield></datafield><datafield ind1=" " ind2=" " tag="043"><subfield code="a">n-us-ct</subfield></datafield><datafield ind1=" " ind2="4" tag="222"><subfield code="a">The Simsbury news</subfield></datafield><datafield ind1="0" ind2="4" tag="245"><subfield code="a">The Simsbury news.</subfield></datafield><datafield ind1=" " ind2=" " tag="260"><subfield code="a">West Hartford, Conn. :</subfield><subfield code="b">Imprint</subfield></datafield><datafield ind1=" " ind2=" " tag="310"><subfield code="a">Weekly</subfield></datafield><datafield ind1="0" ind2=" " tag="362"><subfield code="a">Vol. 1, no. 1 (Sept. 11, 1986)-v. 10, issue no. 2 (Jan. 11, 1996).</subfield></datafield><datafield ind1=" " ind2=" " tag="580"><subfield code="a">Merged with: Avon news (West Hartford, Conn.), and: Farmington news (West Hartford, Conn.), and: Farmington Valley herald, to form: Valley news(West Hartford, Conn.).</subfield></datafield><datafield ind1=" " ind2="0" tag="651"><subfield code="a">Simsbury (Conn.)</subfield><subfield code="v">Newspapers.</subfield></datafield><datafield ind1=" " ind2="7" tag="655"><subfield code="a">Newspapers.</subfield><subfield code="2">fast</subfield><subfield code="0">(OCoLC)fst01423814</subfield></datafield><datafield ind1=" " ind2="7" tag="651"><subfield code="a">Connecticut</subfield><subfield code="z">Simsbury.</subfield><subfield code="2">fast</subfield><subfield code="0">(OCoLC)fst01223182</subfield></datafield><datafield ind1=" " ind2=" " tag="752"><subfield code="a">United States</subfield><subfield code="b">Connecticut</subfield><subfield code="c">Hartford</subfield><subfield code="d">West Hartford.</subfield></datafield><datafield ind1="1" ind2="7" tag="785"><subfield code="t">Avon news (West Hartford, Conn.)</subfield><subfield code="w">(DLC)sn 92051429</subfield><subfield code="w">(OCoLC)26689836</subfield></datafield><datafield ind1="1" ind2="7" tag="785"><subfield code="t">Farmington news (West Hartford, Conn.)</subfield><subfield code="w">(DLC)sn 92051281</subfield><subfield code="w">(OCoLC)26018446</subfield></datafield><datafield ind1="1" ind2="7" tag="785"><subfield code="t">Farmington Valley herald</subfield><subfield code="w">(DLC)sn 82014596</subfield><subfield code="w">(OCoLC)8786468</subfield></datafield><datafield ind1="1" ind2="7" tag="785"><subfield code="t">Valley news (West Hartford, Conn.)</subfield><subfield code="x">1093-040X</subfield><subfield code="w">(DLC)sn 95063192</subfield><subfield code="w">(OCoLC)34223663</subfield></datafield></record>